@book{koza92,
		author    = "Koza, John R.",
		title     = "Genetic Programming: On the Programming of Computers by Means of Natural Selection",
		publisher = "MIT Press",
		year      = "1992"
}


@misc{ wiki:latex,
       author = "Wikipedia",
       title = "LaTeX --- Wikipedia{,} La enciclopedia libre",
       year = "2015",
       url = "https://es.wikipedia.org/w/index.php?title=LaTeX&oldid=84209252",
       note = "[Internet; descargado 30-septiembre-2015]"
}


@article{bortolot2005,
  title={Estimating forest biomass using small footprint LiDAR data: An individual tree-based approach that incorporates training data},
  author={Bortolot, Zachary J and Wynne, Randolph H},
  journal={ISPRS Journal of Photogrammetry and Remote Sensing},
  volume={59},
  number={6},
  pages={342--360},
  year={2005},
  publisher={Elsevier}
}


@article{gonzalez2008desarrollo,
  title={Desarrollo de un cerrojo artificial para el skin-pass en una l{\'\i}nea de acero galvanizado por inmersi{\'o}n en caliente},
  author={Gonz{\'a}lez-Marcos, A and Ordieres-Mer{\'e}, JB and Pern{\'\i}a-Espinoza, AV and Torre-Su{\'a}rez, V},
  journal={Revista de metalurgia},
  volume={44},
  number={1},
  pages={29--38},
  year={2008}
}

@misc{ferrosplanes,
  title = {Proceso de Galvanizado - Ventajas y Aplicaciones},
  author = {{Ferros Planes}},
  howpublished = {\url{https://ferrosplanes.com/proceso-galvanizado-ventajas/}},
  year = {2018}
}

@article{MARTINEZPEREZ2023101821,
title = {La curva ROC},
journal = {Medicina de Familia. SEMERGEN},
year = {2023},
url = {https://www.sciencedirect.com/science/article/pii/S1138359322001952},
author = {J.A. {Martínez Pérez} and P.S. {Pérez Martin}},
}

@misc{ eswiki:curvaROC,
       author = "Wikipedias",
       title = "Curva ROC --- Wikipedia{,} La enciclopedia libre",
       year = "2022",
       url = {\url{https://es.wikipedia.org/w/index.php?title=Curva_ROC&oldid=145650383}},
       note = "[Internet; descargado 24-junio-2023]"
}

  @misc{ wiki:pooling,
   author = "Wikimedia Commons",
   title = "File:Max pooling.png --- Wikimedia Commons{,} the free media repository",
   year = "2021",
   url = "\url{https://commons.wikimedia.org/w/index.php?title=File:Max_pooling.png&oldid=535187848}",
   note = "[Online; fecha de acceso 27-Junio-2023]"
 }

  @misc{ wiki:convo,
   author = "Wikimedia Commons",
   title = "File:Convolution arithmetic - Padding strides odd.gif --- Wikimedia Commons{,} the free media repository",
   year = "2020",
   url = "\url{https://commons.wikimedia.org/w/index.php?title=File:Convolution_arithmetic_-_Padding_strides_odd.gif&oldid=497515231}",
   note = "[Online; fecha de acceso 27-Junio-2023]"
 }

  @misc{ wiki:ejemploroc,
   author = "Wikimedia Commons",
   title = "File:Roc-draft-xkcd-style.svg --- Wikimedia Commons{,} the free media repository",
   year = "2021",
   url = "\url{https://commons.wikimedia.org/w/index.php?title=File:Roc-draft-xkcd-style.svg&oldid=588966985}",
   note = "[Online; accessed 28-June-2023]"
 }

@misc{prieto2019redes,
  title={Redes neuronales convolucionales y redes neuronales recurrentes en la transcripci{\'o}n autom{\'a}tica},
  author={Prieto, Juan Sebastian Gelvez},
  year={2019},
  publisher={Colombia}
}

@article{izaurieta2000redes,
  title={Redes neuronales artificiales},
  author={Izaurieta, Fernando and Saavedra, Carlos},
  journal={Departamento de F{\'\i}sica, Universidad de Concepci{\'o}n Chile},
  year={2000}
}

@misc{Na8_2020, 
title={Clasificación con datos desbalanceados: principales soluciones}, 
howpublished={\url{https://www.aprendemachinelearning.com/clasificacion-con-datos-desbalanceados/}}, 
journal={Aprende Machine Learning},
author={Na8}, 
year={2020}
}

@INPROCEEDINGS{9602402,
  author={Lu, Zhao and Liu, Yimin and Zhong, Shi},
  booktitle={2021 33rd Chinese Control and Decision Conference (CCDC)},
  title={Research on Zinc Layer Thickness Prediction Based on LSTM Neural Network}, 
  year={2021},
  volume={},
  number={},
  pages={4995-4999},
  doi={10.1109/CCDC52312.2021.9602402}}

@INPROCEEDINGS{9164854,
  author={Mao, Kai and Yang, Yong-Li and Huang, Zhe and Yang, Dan-yang},
  booktitle={2020 Chinese Control And Decision Conference (CCDC)}, 
  title={Coating Thickness Modeling and Prediction for Hot-dip Galvanized Steel Strip Based on GA-BP Neural Network}, 
  year={2020},
  volume={},
  number={},
  pages={3484-3489},
  doi={10.1109/CCDC49329.2020.9164854}}
